@article{abbott2020,
  title = {Estimating the Time-Varying Reproduction Number of {{SARS-CoV-2}} Using National and Subnational Case Counts [Version 2; Peer Review: 1 Approved, 1 Approved with Reservations]},
  author = {Abbott, Sam and Hellewell, Joel and Thompson, Robin N},
  date = {2020-06-01},
  journaltitle = {Wellcome Open Research | Open Access Publishing Platform},
  volume = {5},
  number = {112},
  doi = {10.12688/wellcomeopenres.16006.2},
  url = {https://wellcomeopenresearch.org/articles/5-112},
  urldate = {2024-12-18},
  langid = {english}
}

@manual{abbott2024,
  title = {{{EpiNow2}}: {{Estimate}} Real-Time Case Counts and Time-Varying Epidemiological Parameters},
  author = {Abbott, Sam and Hellewell, Joel and Sherratt, Katharine and Gostic, Katelyn and Hickson, Joe and Badr, Hamada S. and DeWitt, Michael and Azam, James M. and {EpiForecasts} and Funk, Sebastian},
  date = {2024},
  url = {https://epiforecasts.io/EpiNow2/}
}

@article{alvarez2021,
  title = {Computing the Daily Reproduction Number of {{COVID-19}} by Inverting the Renewal Equation Using a Variational Technique},
  author = {Alvarez, Luis and Colom, Miguel and Morel, Jean-David and Morel, Jean-Michel},
  date = {2021-12-14},
  journaltitle = {Proceedings of the National Academy of Sciences},
  volume = {118},
  number = {50},
  pages = {e2105112118},
  publisher = {Proceedings of the National Academy of Sciences},
  doi = {10.1073/pnas.2105112118},
  url = {https://www.pnas.org/doi/full/10.1073/pnas.2105112118},
  urldate = {2024-12-18}
}

@article{anderson1996,
  title = {A {{Method}} for {{Producing}} and {{Evaluating Probabilistic Forecasts}} from {{Ensemble Model Integrations}}},
  author = {Anderson, Jeffrey L.},
  date = {1996-07-01},
  journaltitle = {Journal of Climate},
  volume = {9},
  number = {7},
  pages = {1518--1530},
  publisher = {American Meteorological Society},
  issn = {0894-8755, 1520-0442},
  doi = {10.1175/1520-0442(1996)009<1518:AMFPAE>2.0.CO;2},
  url = {https://journals.ametsoc.org/view/journals/clim/9/7/1520-0442_1996_009_1518_amfpae_2_0_co_2.xml},
  urldate = {2021-11-24},
  langid = {english}
}

@article{blanchard2021,
  title = {Accurately Computing the Log-Sum-Exp and Softmax Functions},
  author = {Blanchard, Pierre and Higham, Desmond J and Higham, Nicholas J},
  date = {2021-10-22},
  journaltitle = {IMA Journal of Numerical Analysis},
  shortjournal = {IMA Journal of Numerical Analysis},
  volume = {41},
  number = {4},
  pages = {2311--2330},
  issn = {0272-4979},
  doi = {10.1093/imanum/draa038},
  url = {https://doi.org/10.1093/imanum/draa038},
  urldate = {2024-12-20}
}

@article{bosse2023,
  title = {Scoring Epidemiological Forecasts on Transformed Scales},
  author = {Bosse, Nikos I. and Abbott, Sam and Cori, Anne and van Leeuwen, Edwin and Bracher, Johannes and Funk, Sebastian},
  date = {2023-08-29},
  journaltitle = {PLOS Computational Biology},
  shortjournal = {PLOS Computational Biology},
  volume = {19},
  number = {8},
  pages = {e1011393},
  publisher = {Public Library of Science},
  issn = {1553-7358},
  doi = {10.1371/journal.pcbi.1011393},
  url = {https://journals.plos.org/ploscompbiol/article?id=10.1371/journal.pcbi.1011393},
  urldate = {2024-12-18},
  langid = {english},
  keywords = {COVID 19,Epidemiology,Europe,Forecasting,Normal distribution,Probability distribution,Public and occupational health,Statistical dispersion}
}

@online{bosse2024,
  title = {Evaluating {{Forecasts}} with Scoringutils in {{R}}},
  author = {Bosse, Nikos I. and Gruson, Hugo and Cori, Anne and van Leeuwen, Edwin and Funk, Sebastian and Abbott, Sam},
  date = {2024-11-01},
  eprint = {2205.07090},
  eprinttype = {arXiv},
  eprintclass = {stat},
  doi = {10.48550/arXiv.2205.07090},
  url = {http://arxiv.org/abs/2205.07090},
  urldate = {2024-12-18},
  pubstate = {prepublished},
  keywords = {Statistics - Applications,Statistics - Computation,Statistics - Methodology}
}

@article{brocker2008,
  title = {On Reliability Analysis of Multi-Categorical Forecasts},
  author = {Bröcker, J.},
  date = {2008-08-06},
  journaltitle = {Nonlinear Processes in Geophysics},
  volume = {15},
  number = {4},
  pages = {661--673},
  publisher = {Copernicus GmbH},
  issn = {1023-5809},
  doi = {10.5194/npg-15-661-2008},
  url = {https://npg.copernicus.org/articles/15/661/2008/},
  urldate = {2021-11-24},
  langid = {english}
}

@article{brockwell2007,
  title = {Universal Residuals: {{A}} Multivariate Transformation},
  shorttitle = {Universal Residuals},
  author = {Brockwell, A. E.},
  date = {2007-08-01},
  journaltitle = {Statistics \& Probability Letters},
  shortjournal = {Statistics \& Probability Letters},
  volume = {77},
  number = {14},
  pages = {1473--1478},
  issn = {0167-7152},
  doi = {10.1016/j.spl.2007.02.008},
  url = {https://www.sciencedirect.com/science/article/pii/S0167715207000715},
  urldate = {2024-12-18},
  keywords = {Generalized linear models,Hypercube,Residuals,Survival analysis,Time series,Uniform}
}

@article{cauchemez2006,
  title = {Estimating in {{Real Time}} the {{Efficacy}} of {{Measures}} to {{Control Emerging Communicable Diseases}}},
  author = {Cauchemez, Simon and Boëlle, Pierre-Yves and Thomas, Guy and Valleron, Alain-Jacques},
  date = {2006-09-15},
  journaltitle = {American Journal of Epidemiology},
  shortjournal = {American Journal of Epidemiology},
  volume = {164},
  number = {6},
  pages = {591--597},
  issn = {0002-9262},
  doi = {10.1093/aje/kwj274},
  url = {https://doi.org/10.1093/aje/kwj274},
  urldate = {2025-01-02}
}

@article{cori2013,
  title = {A {{New Framework}} and {{Software}} to {{Estimate Time-Varying Reproduction Numbers During Epidemics}}},
  author = {Cori, Anne and Ferguson, Neil M. and Fraser, Christophe and Cauchemez, Simon},
  date = {2013-11-01},
  journaltitle = {American Journal of Epidemiology},
  shortjournal = {American Journal of Epidemiology},
  volume = {178},
  number = {9},
  pages = {1505--1512},
  issn = {0002-9262},
  doi = {10.1093/aje/kwt133},
  url = {https://doi.org/10.1093/aje/kwt133},
  urldate = {2025-01-02}
}

@article{david1948,
  title = {The {{Probability Integral Transformation When Parameters}} Are {{Estimated}} from the {{Sample}}},
  author = {David, F. N. and Johnson, N. L.},
  date = {1948},
  journaltitle = {Biometrika},
  volume = {35},
  number = {1/2},
  eprint = {2332638},
  eprinttype = {jstor},
  pages = {182--190},
  publisher = {[Oxford University Press, Biometrika Trust]},
  issn = {0006-3444},
  doi = {10.2307/2332638},
  url = {https://www.jstor.org/stable/2332638},
  urldate = {2024-12-18}
}

@article{davies2021,
  ids = {davies2021},
  title = {Estimated Transmissibility and Impact of {{SARS-CoV-2}} Lineage {{B}}.1.1.7 in {{England}}},
  author = {Davies, Nicholas G. and Abbott, Sam and Barnard, Rosanna C. and Jarvis, Christopher I. and Kucharski, Adam J. and Munday, James D. and Pearson, Carl A. B. and Russell, Timothy W. and Tully, Damien C. and Washburne, Alex D. and Wenseleers, Tom and Gimma, Amy and Waites, William and Wong, Kerry L. M. and family=Zandvoort, given=Kevin, prefix=van, useprefix=true and Silverman, Justin D. and {CMMID COVID-19 Working Group} and {COVID-19 Genomics UK (COG-UK) Consortium} and Diaz-Ordaz, Karla and Keogh, Ruth and Eggo, Rosalind M. and Funk, Sebastian and Jit, Mark and Atkins, Katherine E. and Edmunds, W. John},
  date = {2021-04-09},
  journaltitle = {Science},
  volume = {372},
  number = {6538},
  eprint = {33658326},
  eprinttype = {pmid},
  publisher = {American Association for the Advancement of Science},
  doi = {10.1126/science.abg3055},
  url = {https://www.science.org/doi/10.1126/science.abg3055},
  urldate = {2021-09-30},
  keywords = {⛔ No DOI found}
}

@article{gibbons2014,
  title = {Measuring Underreporting and Under-Ascertainment in Infectious Disease Datasets: A Comparison of Methods},
  shorttitle = {Measuring Underreporting and Under-Ascertainment in Infectious Disease Datasets},
  author = {Gibbons, Cheryl L. and Mangen, Marie-Josée J. and Plass, Dietrich and Havelaar, Arie H. and Brooke, Russell John and Kramarz, Piotr and Peterson, Karen L. and Stuurman, Anke L. and Cassini, Alessandro and Fèvre, Eric M. and Kretzschmar, Mirjam E. E. and {Burden of Communicable diseases in Europe (BCoDE) consortium}},
  date = {2014-02-11},
  journaltitle = {BMC public health},
  shortjournal = {BMC Public Health},
  volume = {14},
  eprint = {24517715},
  eprinttype = {pmid},
  pages = {147},
  issn = {1471-2458},
  doi = {10.1186/1471-2458-14-147},
  langid = {english},
  pmcid = {PMC4015559},
  keywords = {Australia,Campylobacter Infections,Canada,Disease Notification,Disease Outbreaks,Epidemiological Monitoring,Female,Humans,Iceland,Incidence,Japan,Male,Norway,Public Health,Public Health Surveillance,Salmonella Infections,Switzerland}
}

@article{gneiting2007,
  title = {Strictly {{Proper Scoring Rules}}, {{Prediction}}, and {{Estimation}}},
  author = {Gneiting, Tilmann and Raftery, Adrian E},
  date = {2007-03-01},
  journaltitle = {Journal of the American Statistical Association},
  volume = {102},
  number = {477},
  pages = {359--378},
  publisher = {ASA Website},
  issn = {0162-1459},
  doi = {10.1198/016214506000001437},
  url = {https://doi.org/10.1198/016214506000001437},
  urldate = {2024-12-17},
  keywords = {Bayes factor,Bregman divergence,Brier score,Coherent,Continuous ranked probability score,Cross-validation,Entropy,Kernel score,Loss function,Minimum contrast estimation,Negative definite function,Prediction interval,Predictive distribution,Quantile forecast,Scoring rule,Skill score,Strictly proper,Utility function}
}

@article{gostic2020,
  title = {Practical Considerations for Measuring the Effective Reproductive Number, {{Rt}}},
  author = {Gostic, Katelyn M. and McGough, Lauren and Baskerville, Edward B. and Abbott, Sam and Joshi, Keya and Tedijanto, Christine and Kahn, Rebecca and Niehus, Rene and Hay, James A. and Salazar, Pablo M. De and Hellewell, Joel and Meakin, Sophie and Munday, James D. and Bosse, Nikos I. and Sherrat, Katharine and Thompson, Robin N. and White, Laura F. and Huisman, Jana S. and Scire, Jérémie and Bonhoeffer, Sebastian and Stadler, Tanja and Wallinga, Jacco and Funk, Sebastian and Lipsitch, Marc and Cobey, Sarah},
  date = {2020-12-10},
  journaltitle = {PLOS Computational Biology},
  shortjournal = {PLOS Computational Biology},
  volume = {16},
  number = {12},
  pages = {e1008409},
  publisher = {Public Library of Science},
  issn = {1553-7358},
  doi = {10.1371/journal.pcbi.1008409},
  url = {https://journals.plos.org/ploscompbiol/article?id=10.1371/journal.pcbi.1008409},
  urldate = {2024-12-18},
  langid = {english},
  keywords = {Convolution,COVID 19,Distribution curves,Epidemiological methods and statistics,Epidemiology,Pandemics,Valleys,Virus testing}
}

@article{hamill2001,
  title = {Interpretation of {{Rank Histograms}} for {{Verifying Ensemble Forecasts}}},
  author = {Hamill, Thomas M.},
  date = {2001-03-01},
  journaltitle = {Monthly Weather Review},
  volume = {129},
  number = {3},
  pages = {550--560},
  publisher = {American Meteorological Society},
  issn = {1520-0493, 0027-0644},
  doi = {10.1175/1520-0493(2001)129<0550:IORHFV>2.0.CO;2},
  url = {https://journals.ametsoc.org/view/journals/mwre/129/3/1520-0493_2001_129_0550_iorhfv_2.0.co_2.xml},
  urldate = {2021-12-28},
  langid = {english}
}

@book{hastie2017,
  title = {Generalized {{Additive Models}}},
  author = {Hastie, T. J.},
  date = {2017-10-19},
  publisher = {Routledge},
  location = {New York},
  doi = {10.1201/9780203753781},
  isbn = {978-0-203-75378-1},
  pagetotal = {352}
}

@article{hong2020,
  title = {Estimation of Time-Varying Reproduction Numbers Underlying Epidemiological Processes: {{A}} New Statistical Tool for the {{COVID-19}} Pandemic},
  shorttitle = {Estimation of Time-Varying Reproduction Numbers Underlying Epidemiological Processes},
  author = {Hong, Hyokyoung G. and Li, Yi},
  date = {2020-07-21},
  journaltitle = {PLOS ONE},
  shortjournal = {PLOS ONE},
  volume = {15},
  number = {7},
  pages = {e0236464},
  publisher = {Public Library of Science},
  issn = {1932-6203},
  doi = {10.1371/journal.pone.0236464},
  url = {https://journals.plos.org/plosone/article?id=10.1371/journal.pone.0236464},
  urldate = {2025-01-02},
  langid = {english},
  keywords = {China,COVID 19,Epidemiology,Global health,Infectious disease epidemiology,Pandemics,Respiratory infections,Web-based applications}
}

@article{jacob2024,
  title = {Variation in Attendance at Emergency Departments in {{England}} across Local Areas: {{A}} System under Unequal Pressure},
  shorttitle = {Variation in Attendance at Emergency Departments in {{England}} across Local Areas},
  author = {Jacob, Nikita and Chalkley, Martin and Santos, Rita and Siciliani, Luigi},
  date = {2024-12-01},
  journaltitle = {Health Policy},
  shortjournal = {Health Policy},
  volume = {150},
  pages = {105186},
  issn = {0168-8510},
  doi = {10.1016/j.healthpol.2024.105186},
  url = {https://www.sciencedirect.com/science/article/pii/S0168851024001969},
  urldate = {2025-02-14},
  keywords = {Emergency healthcare,Local variation,Utilisation}
}

@article{johnson2021,
  title = {Disease Momentum: {{Estimating}} the Reproduction Number in the Presence of Superspreading},
  shorttitle = {Disease Momentum},
  author = {Johnson, Kory D. and Beiglböck, Mathias and Eder, Manuel and Grass, Annemarie and Hermisson, Joachim and Pammer, Gudmund and Polechová, Jitka and Toneian, Daniel and Wölfl, Benjamin},
  date = {2021-01-01},
  journaltitle = {Infectious Disease Modelling},
  shortjournal = {Infectious Disease Modelling},
  volume = {6},
  pages = {706--728},
  issn = {2468-0427},
  doi = {10.1016/j.idm.2021.03.006},
  url = {https://www.sciencedirect.com/science/article/pii/S2468042721000270},
  urldate = {2025-01-02},
  keywords = {COVID-19,Overdispersion,Reproduction number,Superspreading}
}

@article{lloyd-smith2005,
  title = {Superspreading and the Effect of Individual Variation on Disease Emergence},
  author = {Lloyd-Smith, J. O. and Schreiber, S. J. and Kopp, P. E. and Getz, W. M.},
  date = {2005-11},
  journaltitle = {Nature},
  volume = {438},
  number = {7066},
  pages = {355--359},
  publisher = {Nature Publishing Group},
  issn = {1476-4687},
  doi = {10.1038/nature04153},
  url = {https://www.nature.com/articles/nature04153},
  urldate = {2025-01-02},
  langid = {english},
  keywords = {Humanities and Social Sciences,multidisciplinary,Science}
}

@article{lo2013,
  title = {{{WKB Approximation}} for the {{Sum}} of {{Two Correlated Lognormal Random Variables}}},
  author = {Lo, Chi-Fai},
  date = {2013-08-30},
  journaltitle = {Applied Mathematical Sciences},
  volume = {7},
  number = {129},
  pages = {6355--6367},
  doi = {10.2139/ssrn.2220803},
  url = {https://papers.ssrn.com/abstract=2220803},
  urldate = {2024-01-04},
  langid = {english},
  keywords = {backward Kolmogorov equation,Lie-Trotter splitting approximation,Lognormal random variables,probability distribution functions,WKB approximation}
}

@book{loader1999,
  title = {Local {{Regression}} and {{Likelihood}}},
  author = {Loader, Clive},
  date = {1999},
  series = {Statistics and {{Computing}}},
  publisher = {Springer-Verlag},
  location = {New York},
  doi = {10.1007/b98858},
  url = {http://link.springer.com/10.1007/b98858},
  urldate = {2022-01-05},
  isbn = {978-0-387-98775-0},
  langid = {english}
}

@software{loader2020,
  title = {Locfit: {{Local Regression}}, {{Likelihood}} and {{Density Estimation}}},
  shorttitle = {Locfit},
  author = {Loader, Catherine and Sun, Jiayang and Technologies, Lucent and Liaw, Andy},
  date = {2020-03-25},
  url = {https://CRAN.R-project.org/package=locfit},
  urldate = {2020-07-08},
  version = {1.5-9.4},
  keywords = {SocialSciences,Survival}
}

@article{mitchell2021,
  title = {An {{Empirical Study}} of {{Moment Estimators}} for {{Quantile Approximation}}},
  author = {Mitchell, Rory and Frank, Eibe and Holmes, Geoffrey},
  date = {2021-03-31},
  journaltitle = {ACM Transactions on Database Systems},
  shortjournal = {ACM Trans. Database Syst.},
  volume = {46},
  number = {1},
  pages = {1--21},
  issn = {0362-5915, 1557-4644},
  doi = {10.1145/3442337},
  url = {https://dl.acm.org/doi/10.1145/3442337},
  urldate = {2024-11-19},
  langid = {english}
}

@article{mittinty2023,
  title = {Reflection on Modern Methods: Risk Ratio Regression—Simple Concept yet Complex Computation},
  shorttitle = {Reflection on Modern Methods},
  author = {Mittinty, Murthy N and Lynch, John},
  date = {2023-02-01},
  journaltitle = {International Journal of Epidemiology},
  shortjournal = {International Journal of Epidemiology},
  volume = {52},
  number = {1},
  pages = {309--314},
  issn = {0300-5771},
  doi = {10.1093/ije/dyac220},
  url = {https://doi.org/10.1093/ije/dyac220},
  urldate = {2025-02-18}
}

@article{nash2022,
  title = {Real-Time Estimation of the Epidemic Reproduction Number: {{Scoping}} Review of the Applications and Challenges},
  shorttitle = {Real-Time Estimation of the Epidemic Reproduction Number},
  author = {Nash, Rebecca K. and Nouvellet, Pierre and Cori, Anne},
  date = {2022-06-27},
  journaltitle = {PLOS Digital Health},
  shortjournal = {PLOS Digital Health},
  volume = {1},
  number = {6},
  pages = {e0000052},
  publisher = {Public Library of Science},
  issn = {2767-3170},
  doi = {10.1371/journal.pdig.0000052},
  url = {https://journals.plos.org/digitalhealth/article?id=10.1371/journal.pdig.0000052},
  urldate = {2024-12-18},
  langid = {english},
  keywords = {Computer software,COVID 19,Epidemiological methods and statistics,Epidemiology,Geographic distribution,Pathogens,Questionnaires,Software tools}
}

@article{nash2023,
  title = {Estimating the Epidemic Reproduction Number from Temporally Aggregated Incidence Data: {{A}} Statistical Modelling Approach and Software Tool},
  shorttitle = {Estimating the Epidemic Reproduction Number from Temporally Aggregated Incidence Data},
  author = {Nash, Rebecca K. and Bhatt, Samir and Cori, Anne and Nouvellet, Pierre},
  date = {2023-08-28},
  journaltitle = {PLOS Computational Biology},
  shortjournal = {PLOS Computational Biology},
  volume = {19},
  number = {8},
  pages = {e1011439},
  publisher = {Public Library of Science},
  issn = {1553-7358},
  doi = {10.1371/journal.pcbi.1011439},
  url = {https://journals.plos.org/ploscompbiol/article?id=10.1371/journal.pcbi.1011439},
  urldate = {2024-12-18},
  langid = {english},
  keywords = {Algorithms,COVID 19,Epidemiology,Influenza,Pathogens,Simulation and modeling,Solid-phase extraction,Virus testing}
}

@article{nelder1972,
  title = {Generalized {{Linear Models}}},
  author = {Nelder, J. A. and Wedderburn, R. W. M.},
  date = {1972},
  journaltitle = {Journal of the Royal Statistical Society. Series A (General)},
  volume = {135},
  number = {3},
  eprint = {2344614},
  eprinttype = {jstor},
  pages = {370--384},
  publisher = {[Royal Statistical Society, Oxford University Press]},
  issn = {0035-9238},
  doi = {10.2307/2344614},
  url = {https://www.jstor.org/stable/2344614},
  urldate = {2024-12-18}
}

@article{ogi-gittins2024,
  title = {A Simulation-Based Approach for Estimating the Time-Dependent Reproduction Number from Temporally Aggregated Disease Incidence Time Series Data},
  author = {Ogi-Gittins, I. and Hart, W. S. and Song, J. and Nash, R. K. and Polonsky, J. and Cori, A. and Hill, E. M. and Thompson, R. N.},
  date = {2024-06-01},
  journaltitle = {Epidemics},
  shortjournal = {Epidemics},
  volume = {47},
  pages = {100773},
  issn = {1755-4365},
  doi = {10.1016/j.epidem.2024.100773},
  url = {https://www.sciencedirect.com/science/article/pii/S1755436524000343},
  urldate = {2025-01-02},
  keywords = {Approximate Bayesian Computation,Disease incidence,EpiEstim,Infectious disease epidemiology,Influenza,Mathematical modelling,Parameter inference,Reproduction number,Serial interval}
}

@article{panaretos2019,
  title = {Statistical {{Aspects}} of {{Wasserstein Distances}}},
  author = {Panaretos, Victor M. and Zemel, Yoav},
  date = {2019-03-07},
  journaltitle = {Annual Review of Statistics and Its Application},
  volume = {6},
  pages = {405--431},
  publisher = {Annual Reviews},
  issn = {2326-8298, 2326-831X},
  doi = {10.1146/annurev-statistics-030718-104938},
  url = {https://www.annualreviews.org/content/journals/10.1146/annurev-statistics-030718-104938},
  urldate = {2024-12-18},
  issue = {Volume 6, 2019},
  langid = {english}
}

@article{parag2021,
  title = {Improved Estimation of Time-Varying Reproduction Numbers at Low Case Incidence and between Epidemic Waves},
  author = {Parag, Kris V.},
  date = {2021-09-07},
  journaltitle = {PLOS Computational Biology},
  shortjournal = {PLOS Computational Biology},
  volume = {17},
  number = {9},
  pages = {e1009347},
  publisher = {Public Library of Science},
  issn = {1553-7358},
  doi = {10.1371/journal.pcbi.1009347},
  url = {https://journals.plos.org/ploscompbiol/article?id=10.1371/journal.pcbi.1009347},
  urldate = {2024-12-18},
  langid = {english},
  keywords = {COVID 19,Epidemiological statistics,Epidemiology,H1N1,Infectious disease control,Infectious disease epidemiology,New Zealand,Pandemics}
}

@article{parag2022,
  title = {Are Epidemic Growth Rates More Informative than Reproduction Numbers?},
  author = {Parag, Kris V. and Thompson, Robin N. and Donnelly, Christl A.},
  date = {2022-05-26},
  journaltitle = {Journal of the Royal Statistical Society. Series A, (Statistics in Society)},
  shortjournal = {J R Stat Soc Ser A Stat Soc},
  eprint = {35942192},
  eprinttype = {pmid},
  pages = {10.1111/rssa.12867},
  issn = {0964-1998},
  doi = {10.1111/rssa.12867},
  url = {https://www.ncbi.nlm.nih.gov/pmc/articles/PMC9347870/},
  urldate = {2025-01-02},
  pmcid = {PMC9347870}
}

@article{parag2023,
  title = {Angular Reproduction Numbers Improve Estimates of Transmissibility When Disease Generation Times Are Misspecified or Time-Varying},
  author = {Parag, Kris V. and Cowling, Benjamin J. and Lambert, Ben C.},
  date = {2023-09-27},
  journaltitle = {Proceedings. Biological Sciences},
  shortjournal = {Proc Biol Sci},
  volume = {290},
  number = {2007},
  eprint = {37752839},
  eprinttype = {pmid},
  pages = {20231664},
  issn = {1471-2954},
  doi = {10.1098/rspb.2023.1664},
  langid = {english},
  pmcid = {PMC10523088},
  keywords = {Basic Reproduction Number,Disease Outbreaks,epidemic models,Epidemics,generation times,growth rates,infectious diseases,reproduction numbers,Software,transmission dynamics}
}

@article{park2021,
  title = {Forward-Looking Serial Intervals Correctly Link Epidemic Growth to Reproduction Numbers},
  author = {Park, Sang Woo and Sun, Kaiyuan and Champredon, David and Li, Michael and Bolker, Benjamin M. and Earn, David J. D. and Weitz, Joshua S. and Grenfell, Bryan T. and Dushoff, Jonathan},
  date = {2021-01-12},
  journaltitle = {Proceedings of the National Academy of Sciences},
  volume = {118},
  number = {2},
  pages = {e2011548118},
  publisher = {Proceedings of the National Academy of Sciences},
  doi = {10.1073/pnas.2011548118},
  url = {https://www.pnas.org/doi/10.1073/pnas.2011548118},
  urldate = {2024-11-13}
}

@article{rue2009,
  title = {Approximate {{Bayesian}} Inference for Latent {{Gaussian}} Models by Using Integrated Nested {{Laplace}} Approximations},
  author = {Rue, Håvard and Martino, Sara and Chopin, Nicolas},
  date = {2009},
  journaltitle = {Journal of the Royal Statistical Society: Series B (Statistical Methodology)},
  volume = {71},
  number = {2},
  pages = {319--392},
  issn = {1467-9868},
  doi = {10.1111/j.1467-9868.2008.00700.x},
  url = {https://onlinelibrary.wiley.com/doi/abs/10.1111/j.1467-9868.2008.00700.x},
  urldate = {2024-12-18},
  langid = {english},
  keywords = {Approximate Bayesian inference,Gaussian Markov random fields,Generalized additive mixed models,Laplace approximation,Parallel computing,Sparse matrices,Structured additive regression models}
}

@online{steyn2024,
  title = {Robust Uncertainty Quantification in Popular Estimators of the Instantaneous Reproduction Number},
  author = {Steyn, Nicholas and Parag, Kris V.},
  date = {2024-10-22},
  eprinttype = {medRxiv},
  pages = {2024.10.22.24315918},
  doi = {10.1101/2024.10.22.24315918},
  url = {https://www.medrxiv.org/content/10.1101/2024.10.22.24315918v1},
  urldate = {2024-12-18},
  langid = {english},
  pubstate = {prepublished}
}

@article{thompson2019,
  title = {Improved Inference of Time-Varying Reproduction Numbers during Infectious Disease Outbreaks},
  author = {Thompson, R. N. and Stockwin, J. E. and family=Gaalen, given=R. D., prefix=van, useprefix=true and Polonsky, J. A. and Kamvar, Z. N. and Demarsh, P. A. and Dahlqwist, E. and Li, S. and Miguel, E. and Jombart, T. and Lessler, J. and Cauchemez, S. and Cori, A.},
  date = {2019-12-01},
  journaltitle = {Epidemics},
  shortjournal = {Epidemics},
  volume = {29},
  pages = {100356},
  issn = {1755-4365},
  doi = {10.1016/j.epidem.2019.100356},
  url = {https://www.sciencedirect.com/science/article/pii/S1755436519300350},
  urldate = {2024-12-18},
  keywords = {Covid/Rt estimation,Disease control,Infectious disease epidemiology,Mathematical modelling,Parameter inference,Reproduction number,Serial interval}
}

@article{vegvari2022,
  title = {Commentary on the Use of the Reproduction Number {{R}} during the {{COVID-19}} Pandemic},
  author = {Vegvari, Carolin and Abbott, Sam and Ball, Frank and Brooks-Pollock, Ellen and Challen, Robert and Collyer, Benjamin S and Dangerfield, Ciara and Gog, Julia R and Gostic, Katelyn M and Heffernan, Jane M and Hollingsworth, T Déirdre and Isham, Valerie and Kenah, Eben and Mollison, Denis and Panovska-Griffiths, Jasmina and Pellis, Lorenzo and Roberts, Michael G and Scalia Tomba, Gianpaolo and Thompson, Robin N and Trapman, Pieter},
  date = {2022-09},
  journaltitle = {Statistical Methods in Medical Research},
  shortjournal = {Stat Methods Med Res},
  volume = {31},
  number = {9},
  eprint = {34569883},
  eprinttype = {pmid},
  pages = {1675--1685},
  issn = {0962-2802},
  doi = {10.1177/09622802211037079},
  url = {https://www.ncbi.nlm.nih.gov/pmc/articles/PMC9277711/},
  urldate = {2025-01-02},
  pmcid = {PMC9277711},
  keywords = {COVID-19 pandemic,Reproduction number}
}

@article{wallinga2004a,
  title = {Different {{Epidemic Curves}} for {{Severe Acute Respiratory Syndrome Reveal}}  {{Similar Impacts}} of {{Control Measures}}},
  author = {Wallinga, Jacco and Teunis, Peter},
  date = {2004-09-15},
  journaltitle = {American Journal of Epidemiology},
  shortjournal = {American Journal of Epidemiology},
  volume = {160},
  number = {6},
  pages = {509--516},
  issn = {0002-9262},
  doi = {10.1093/aje/kwh255},
  url = {https://doi.org/10.1093/aje/kwh255},
  urldate = {2025-01-02}
}

@article{wallinga2006,
  title = {How Generation Intervals Shape the Relationship between Growth Rates and Reproductive Numbers},
  author = {Wallinga, J. and Lipsitch, M.},
  date = {2006-11-28},
  journaltitle = {Proceedings of the Royal Society B: Biological Sciences},
  publisher = {The Royal SocietyLondon},
  doi = {10.1098/rspb.2006.3754},
  url = {https://royalsocietypublishing.org/doi/10.1098/rspb.2006.3754},
  urldate = {2024-08-19},
  langid = {english},
  keywords = {Cohort Effect,Disease Outbreaks,Humans,Influenza Human,Models Biological}
}

@article{wilks2019,
  title = {Indices of {{Rank Histogram Flatness}} and {{Their Sampling Properties}}},
  author = {Wilks, D. S.},
  date = {2019-02-01},
  journaltitle = {Monthly Weather Review},
  volume = {147},
  number = {2},
  pages = {763--769},
  issn = {0027-0644, 1520-0493},
  doi = {10.1175/MWR-D-18-0369.1},
  url = {http://journals.ametsoc.org/doi/10.1175/MWR-D-18-0369.1},
  urldate = {2024-12-17},
  langid = {english}
}

@online{zotero-16818,
  title = {Goodness of {{Fit}} of {{Probabilistic Regression Models}}},
  url = {https://topmodels.r-forge.r-project.org/articles/goodness_of_fit.html},
  urldate = {2024-12-17},
  langid = {english}
}
